<record><leader>00000cas a22000007a 4500</leader><controlfield tag="001">12905115</controlfield><controlfield tag="008">851213d18821883wiuwr ne      0    0eng d</controlfield><datafield ind1=" " ind2=" " tag="010"><subfield code="a">sn 85041478 </subfield></datafield><datafield ind1=" " ind2=" " tag="040"><subfield code="a">NPV</subfield><subfield code="b">eng</subfield><subfield code="c">NPV</subfield><subfield code="d">HLS</subfield><subfield code="d">OCLCQ</subfield></datafield><datafield ind1=" " ind2=" " tag="042"><subfield code="a">msc</subfield></datafield><datafield ind1="0" ind2=" " tag="130"><subfield code="a">Eau Claire free press (Eau Claire, Wis. : 1882)</subfield></datafield><datafield ind1="1" ind2="0" tag="245"><subfield code="a">Eau Claire free press.</subfield></datafield><datafield ind1="1" ind2="3" tag="246"><subfield code="a">Weekly free press</subfield></datafield><datafield ind1="1" ind2="3" tag="246"><subfield code="a">Eau Claire weekly free press</subfield></datafield><datafield ind1=" " ind2=" " tag="260"><subfield code="a">Eau Claire, Wis. :</subfield><subfield code="b">Free Press Co.,</subfield><subfield code="c">1882-1883.</subfield></datafield><datafield ind1=" " ind2=" " tag="300"><subfield code="a">v. :</subfield><subfield code="b">ill. (chiefly advertisements)</subfield></datafield><datafield ind1=" " ind2=" " tag="310"><subfield code="a">Weekly</subfield></datafield><datafield ind1="0" ind2=" " tag="362"><subfield code="a">Vol. 25, no. 14 (Jan. 12, 1882)-v.26, no. 41 (July 19, 1883).</subfield></datafield><datafield ind1=" " ind2=" " tag="580"><subfield code="a">Issued also as a daily edition with title: Daily free press.</subfield></datafield><datafield ind1=" " ind2=" " tag="752"><subfield code="a">United States</subfield><subfield code="b">Wisconsin</subfield><subfield code="c">Eau Claire</subfield><subfield code="d">Eau Claire.</subfield></datafield><datafield ind1="1" ind2=" " tag="775"><subfield code="a">Daily free press</subfield><subfield code="w">(DLC)sn 84024378</subfield></datafield><datafield ind1="0" ind2="0" tag="780"><subfield code="t">Eau Claire weekly free press (Eau Claire, Wis. : 1868)</subfield><subfield code="w">(DLC)sn 84024388</subfield><subfield code="w">(OCoLC)10646911</subfield></datafield><datafield ind1="0" ind2="0" tag="785"><subfield code="t">Eau Claire weekly free press (Eau Claire, Wis. : 1883)</subfield><subfield code="w">(DLC)sn 85041479</subfield><subfield code="w">(OCoLC)12905167</subfield></datafield></record>